<?xml version="1.0" encoding="UTF-8"?><collection xmlns="http://www.loc.gov/MARC21/slim"><record><leader>00699nam--2200193-u-4500</leader><controlfield tag="001">000051763</controlfield><controlfield tag="002">20161230</controlfield><controlfield tag="005">20170205002234</controlfield><controlfield tag="008">080924s1000------------r-----000-0-eng-d</controlfield><datafield ind1=" " ind2=" " tag="020"><subfield code="a">9788301127589</subfield></datafield><datafield ind1=" " ind2=" " tag="040"><subfield code="a">IFIN-HH</subfield></datafield><datafield ind1=" " ind2=" " tag="080"><subfield code="a">514.84</subfield></datafield><datafield ind1="1" ind2=" " tag="100"><subfield code="a">Strasburger, A</subfield></datafield><datafield ind1="1" ind2="0" tag="245"><subfield code="a">Cuantization, coherent states, and poisson structures</subfield><subfield code="b">Proceedings of the XIV workshop on geometric methods in physics, Bialowieza, July 9-15, 1995</subfield><subfield code="c">A. Strasburger, S. Twareque Ali, J.-P. Antoine, J.-P. Gazeau, A. Odzijewicz (eds.)</subfield></datafield><datafield ind1=" " ind2=" " tag="260"><subfield code="a">Warszawa</subfield><subfield code="b">Polish Scientific Publishers Pwn</subfield><subfield code="c">1998</subfield></datafield><datafield ind1=" " ind2=" " tag="300"><subfield code="a">331 p</subfield></datafield><datafield ind1="1" ind2=" " tag="700"><subfield code="a">Odzijewicz, Anatol</subfield><subfield code="e">Ed</subfield></datafield><datafield ind1=" " ind2=" " tag="852"><subfield code="a">81808</subfield><subfield code="c">513.73</subfield></datafield><datafield ind1=" " ind2=" " tag="CAT"><subfield code="a">SYS</subfield><subfield code="c">20170205</subfield><subfield code="h">002234</subfield></datafield></record></collection>